@misc{Golang,
title = {Документация языка Golang},
url = {https://go.dev/doc},
note = {(дата обращения: 27.04.2024)}
}

@book{Docker,
title={Learn Docker in a Month of Lunches},
author={Elton Stoneman},
year={2020},
publisher={Manning},
numpages = {464}
}
